<record><leader>00000cas a2200000 a 4500</leader><controlfield tag="001">26515808</controlfield><controlfield tag="008">920901c19019999cauwr ne      0   a0eng c</controlfield><datafield ind1=" " ind2=" " tag="010"><subfield code="a">sn 92068798 </subfield></datafield><datafield ind1=" " ind2=" " tag="040"><subfield code="a">CUY</subfield><subfield code="b">eng</subfield><subfield code="c">CNK</subfield><subfield code="d">NSD</subfield><subfield code="d">CNK</subfield><subfield code="d">OCLCQ</subfield><subfield code="d">CNK</subfield><subfield code="d">OCLCQ</subfield><subfield code="d">OCLCF</subfield><subfield code="d">OCLCO</subfield></datafield><datafield ind1=" " ind2=" " tag="012"><subfield code="l">1</subfield></datafield><datafield ind1="1" ind2=" " tag="022"><subfield code="a">1072-1584</subfield><subfield code="l">1072-1584</subfield><subfield code="2">1</subfield></datafield><datafield ind1="1" ind2=" " tag="029"><subfield code="a">AU@</subfield><subfield code="b">000020707156</subfield></datafield><datafield ind1=" " ind2=" " tag="037"><subfield code="b">The Exeter Sun, 120 North E. St., Exeter, CA 93221</subfield></datafield><datafield ind1=" " ind2=" " tag="042"><subfield code="a">pcc</subfield><subfield code="a">nsdp</subfield></datafield><datafield ind1=" " ind2=" " tag="043"><subfield code="a">n-us-ca</subfield></datafield><datafield ind1=" " ind2="4" tag="222"><subfield code="a">The Exeter sun</subfield></datafield><datafield ind1="0" ind2="0" tag="245"><subfield code="a">Exeter sun.</subfield></datafield><datafield ind1=" " ind2=" " tag="260"><subfield code="a">Exeter, Calif. :</subfield><subfield code="b">Fred Page</subfield></datafield><datafield ind1=" " ind2=" " tag="300"><subfield code="a">v.</subfield></datafield><datafield ind1=" " ind2=" " tag="310"><subfield code="a">Weekly</subfield></datafield><datafield ind1="0" ind2=" " tag="362"><subfield code="a">Vol. 1, no. 1 (Nov. 15, 1901)-</subfield></datafield><datafield ind1=" " ind2=" " tag="500"><subfield code="a">"Exeter" appears above masthead ornament.</subfield></datafield><datafield ind1=" " ind2=" " tag="500"><subfield code="a">Publisher: MineralKing Publications, &lt;June 30, 1993-&gt;</subfield></datafield><datafield ind1=" " ind2=" " tag="530"><subfield code="a">Master negatives are available for duplication from:</subfield><subfield code="b">California Newspaper Microfilm Archive;</subfield><subfield code="c">positive copies may be purchased by the reel; for further information consult the CNMA at:</subfield><subfield code="u">http://cbsr.ucr.edu</subfield></datafield><datafield ind1=" " ind2=" " tag="588"><subfield code="a">Latest issue consulted: Vol. 92, no. 25 (June 30, 1993) (surrogate).</subfield></datafield><datafield ind1=" " ind2="0" tag="651"><subfield code="a">Exeter (Calif.)</subfield><subfield code="v">Newspapers.</subfield></datafield><datafield ind1=" " ind2="7" tag="655"><subfield code="a">Newspapers.</subfield><subfield code="2">fast</subfield><subfield code="0">(OCoLC)fst01423814</subfield></datafield><datafield ind1=" " ind2="7" tag="651"><subfield code="a">California</subfield><subfield code="z">Exeter.</subfield><subfield code="2">fast</subfield><subfield code="0">(OCoLC)fst01218711</subfield></datafield><datafield ind1=" " ind2=" " tag="752"><subfield code="a">United States</subfield><subfield code="b">California</subfield><subfield code="c">Tulare</subfield><subfield code="d">Exeter.</subfield></datafield><datafield ind1="0" ind2="5" tag="780"><subfield code="t">Woodlake echo and Three Rivers current</subfield><subfield code="w">(DLC)sn 93004514</subfield></datafield><datafield ind1="0" ind2="5" tag="780"><subfield code="t">Farmersville herald (Farmersville, Calif.)</subfield><subfield code="w">(DLC)sn 93004515</subfield></datafield></record>